@inproceedings{mairal2009online,
  title={Online dictionary learning for sparse coding},
  author={Mairal, Julien and Bach, Francis and Ponce, Jean and Sapiro, Guillermo},
  booktitle={Proceedings of the 26th annual international conference on machine learning},
  pages={689--696},
  year={2009},
  organization={ACM}
}

@article{lecun2010mnist,
  title={MNIST handwritten digit database},
  author={LeCun, Yann and Cortes, Corinna and Burges, Christopher JC},
  journal={AT\&T Labs [Online]. Available: http://yann. lecun. com/exdb/mnist},
  volume={2},
  year={2010}
}

@article{pedregosa2011scikit,
  title={Scikit-learn: Machine learning in Python},
  author={Pedregosa, Fabian and Varoquaux, Ga{\"e}l and Gramfort, Alexandre and Michel, Vincent and Thirion, Bertrand and Grisel, Olivier and Blondel, Mathieu and Prettenhofer, Peter and Weiss, Ron and Dubourg, Vincent and others},
  journal={Journal of Machine Learning Research},
  volume={12},
  number={Oct},
  pages={2825--2830},
  year={2011}
}

@article{beck2009fast,
  title={A fast iterative shrinkage-thresholding algorithm for linear inverse problems},
  author={Beck, Amir and Teboulle, Marc},
  journal={SIAM journal on imaging sciences},
  volume={2},
  number={1},
  pages={183--202},
  year={2009},
  publisher={SIAM}
}

@article{zhou2011manifold,
  title={Manifold elastic net: a unified framework for sparse dimension reduction},
  author={Zhou, Tianyi and Tao, Dacheng and Wu, Xindong},
  journal={Data Mining and Knowledge Discovery},
  volume={22},
  number={3},
  pages={340--371},
  year={2011},
  publisher={Springer}
}

@inproceedings{gu2006improved,
  title={An improved manifold learning algorithm for data visualization},
  author={Gu, Rui-jun and Xu, Wen-bo},
  booktitle={Machine Learning and Cybernetics, 2006 International Conference on},
  pages={1170--1173},
  year={2006},
  organization={IEEE}
}


@article{maaten2008visualizing,
  title={Visualizing data using t-SNE},
  author={Maaten, Laurens van der and Hinton, Geoffrey},
  journal={Journal of Machine Learning Research},
  volume={9},
  number={Nov},
  pages={2579--2605},
  year={2008}
}


